% Encoding: UTF-8
@inproceedings{Long2015Fully,
  title={Fully convolutional networks for semantic segmentation},
  author={Long, Jonathan and Shelhamer, Evan and Darrell, Trevor},
  booktitle={IEEE Conference on Computer Vision and Pattern Recognition},
  pages={3431-3440},
  year={2015},
}

@article{SegNet,
  title={SegNet: A Deep Convolutional Encoder-Decoder Architecture for Scene Segmentation},
  author={Badrinarayanan, Vijay and Kendall, Alex and Cipolla, Roberto},
  journal={IEEE Transactions on Pattern Analysis Machine Intelligence},
  year={2017},
}

@article{Szegedy-GoogLeNet,
  title={Going deeper with convolutions},
  author={Szegedy, Christian and Liu, Wei and Jia, Yangqing and Sermanet, Pierre and Reed, Scott and Anguelov, Dragomir and Erhan, Dumitru and Vanhoucke, Vincent and Rabinovich, Andrew},
  pages={1-9},
  year={2014},
}

@article{Simonyan-VGG,
  title={Very Deep Convolutional Networks for Large-Scale Image Recognition},
  author={Simonyan, Karen and Zisserman, Andrew},
  journal={Computer Science},
  year={2014},
}
@inproceedings{Krizhevsky2012ImageNet,
  title={ImageNet classification with deep convolutional neural networks},
  author={Krizhevsky, Alex and Sutskever, Ilya and Hinton, Geoffrey E.},
  booktitle={International Conference on Neural Information Processing Systems},
  pages={1097-1105},
  year={2012},
}
@article{Veit2016Residual,
  title={Residual Networks Behave Like Ensembles of Relatively Shallow Networks},
  author={Veit, Andreas and Wilber, Michael and Belongie, Serge},
  journal={Advances in Neural Information Processing Systems},
  year={2016},
}

@inproceedings{He-Resnet,
  title={Deep Residual Learning for Image Recognition},
  author={He, Kaiming and Zhang, Xiangyu and Ren, Shaoqing and Sun, Jian},
  booktitle={IEEE Conference on Computer Vision and Pattern Recognition},
  pages={770-778},
  year={2016},
}
@article{xie2017aggregated,
  title={Aggregated Residual Transformations for Deep Neural Networks},
  author={Xie, Saining and Girshick, Ross and Dollar, Piotr and Tu, Zhuowen and He, Kaiming},
  pages={5987-5995},
  year={2016},
}
@article{huang2016densely,
  title={Densely Connected Convolutional Networks},
  author={Huang, Gao and Liu, Zhuang and Maaten, Laurens Van Der and Weinberger, Kilian Q.},
  year={2016},
}
@article{Lecun2014Backpropagation,
  title={Backpropagation Applied to Handwritten Zip Code Recognition},
  author={Lecun, Y. and Boser, B. and Denker, J. S. and Henderson, D. and Howard, R. E. and Hubbard, W. and Jackel, L. D.},
  journal={Neural Computation},
  volume={1},
  number={4},
  pages={541-551},
  year={2014},
}
@article{Schroff2015FaceNet,
  title={FaceNet: A Unified Embedding for Face Recognition and Clustering},
  author={Schroff, Florian and Kalenichenko, Dmitry and Philbin, James},
  pages={815-823},
  year={2015},
}
@inproceedings{Ren2015Faster,
  title={Faster R-CNN: towards real-time object detection with region proposal networks},
  author={Ren, Shaoqing and He, Kaiming and Girshick, Ross and Sun, Jian},
  booktitle={International Conference on Neural Information Processing Systems},
  pages={91-99},
  year={2015},
}

@article{pont2016supervised,
  title={Supervised evaluation of image segmentation and object proposal techniques},
  author={Pont-Tuset, Jordi and Marques, Ferran},
  journal={IEEE transactions on pattern analysis and machine intelligence},
  volume={38},
  number={7},
  pages={1465--1478},
  year={2016},
  publisher={IEEE}
}
@inproceedings{jain2014supervoxel,
  title={Supervoxel-consistent foreground propagation in video},
  author={Jain, Suyog Dutt and Grauman, Kristen},
  booktitle={European Conference on Computer Vision},
  pages={656--671},
  year={2014},
  organization={Springer}
}
@article{martin2004learning,
  title={The pascal visual object classes (voc) challenge},
  author={Everingham, Mark and Van Gool, Luc and Williams, Christopher KI and Winn, John and Zisserman, Andrew},
  journal={International journal of computer vision},
  volume={88},
  number={2},
  pages={303--338},
  year={2010},
  publisher={Springer}
}

@inproceedings{Youtube,
  title={Learning object class detectors from weakly annotated video},
  author={Prest, Alessandro and Leistner, Christian and Civera, Javier and Schmid, Cordelia and Ferrari, Vittorio},
  booktitle={Computer Vision and Pattern Recognition (CVPR), 2012 IEEE Conference on},
  pages={3282--3289},
  year={2012},
  organization={IEEE}
}

@article{OnAVOS,
  title={Online adaptation of convolutional neural networks for video object segmentation},
  author={Voigtlaender, Paul and Leibe, Bastian},
  journal={arXiv preprint arXiv:1706.09364},
  year={2017}
}

@inproceedings{OSVOS,
  title={One-shot video object segmentation},
  author={Caelles, Sergi and Maninis, Kevis-Kokitsi and Pont-Tuset, Jordi and Leal-Taix{\'e}, Laura and Cremers, Daniel and Van Gool, Luc},
  booktitle={CVPR 2017},
  year={2017},
  organization={IEEE}
}

@article{OSMN,
  title={Efficient Video Object Segmentation via Network Modulation},
  author={Yang, Linjie and Wang, Yanran and Xiong, Xuehan and Yang, Jianchao and Katsaggelos, Aggelos K},
  journal={arXiv preprint arXiv:1802.01218},
  year={2018}
}

@inproceedings{CTN,
  title={Online video object segmentation via convolutional trident network},
  author={Jang, Won-Dong and Kim, Chang-Su},
  booktitle={Proceedings of the IEEE Conference on Computer Vision and Pattern Recognition},
  pages={5849--5858},
  year={2017}
}

@inproceedings{SFL,
  title={SegFlow: Joint Learning for Video Object Segmentation and Optical Flow},
  author={Cheng, Jingchun and Tsai, Yi-Hsuan and Wang, Shengjin and Yang, Ming-Hsuan},
  booktitle={2017 IEEE International Conference on Computer Vision (ICCV)},
  pages={686--695},
  year={2017},
  organization={IEEE}
}

@article{SGV,
  title={Semantically-Guided Video Object Segmentation},
  author={Caelles, Sergi and Chen, Yuhua and Pont-Tuset, Jordi and Van Gool, Luc},
  journal={arXiv preprint arXiv:1704.01926},
  year={2017}
}

@inproceedings{MSK,
  title={Learning video object segmentation from static images},
  author={Perazzi, Federico and Khoreva, Anna and Benenson, Rodrigo and Schiele, Bernt and Sorkine-Hornung, Alexander},
  booktitle={Computer Vision and Pattern Recognition},
  year={2017}
}

@InProceedings{Caelles2017One,
  author    = {Caelles, Sergi and Maninis, Kevis-Kokitsi and Pont-Tuset, Jordi and Leal-Taix{\'e}, Laura and Cremers, Daniel and Van Gool, Luc},
  title     = {One-shot video object segmentation},
  booktitle = {CVPR},
  year      = {2017},
  groups    = {Semi-supervised VOS, Video Object Segmentation},
}

@InProceedings{Perazzi2017Learning,
  author    = {Perazzi, Federico and Khoreva, Anna and Benenson, Rodrigo and Schiele, Bernt and Sorkine-Hornung, Alexander},
  title     = {Learning video object segmentation from static images},
  booktitle = {CVPR},
  year      = {2017},
  groups    = {Semi-supervised VOS, Video Object Segmentation},
}

@InProceedings{MaskRNN,
  author    = {Hu, Yuan-Ting and Huang, Jia-Bin and Schwing, Alexander},
  title     = {MaskRNN: Instance Level Video Object Segmentation},
  booktitle = {NIPS},
  year      = {2017},
  groups    = {Semi-supervised VOS, Video Object Segmentation},
}

@Article{Yang2018Efficient,
  author  = {Linjie Yang and Yanran Wang and Xuehan Xiong and Jianchao Yang and Aggelos K. Katsaggelos},
  title   = {Efficient Video Object Segmentation via Network Modulation},
  journal = {arXiv preprint arXiv:1802.01218},
  year    = {2018},
  groups  = {Semi-supervised VOS, Video Object Segmentation},
}

@InProceedings{Voigtlaender2017Online,
  author    = {Paul Voigtlaender and Bastian Leibe},
  title     = {Online Adaptation of Convolutional Neural Networks for Video Object Segmentation},
  booktitle = {BMVC},
  year      = {2017},
  groups    = {Semi-supervised VOS, Video Object Segmentation},
}

@Article{OSVOS-S,
  author  = {K.-K. Maninis and S. Caelles and Y. Chen and J. Pont-Tuset and L. Leal-Taix√© and D. Cremers and L. Van Gool},
  title   = {Video Object Segmentation Without Temporal Information},
  journal = {arXiv preprint arXiv:1709.06031},
  year    = {2017},
  groups  = {Semi-supervised VOS, Video Object Segmentation},
}

@Article{Caelles2017Semantically,
  author  = {Caelles, Sergi and Chen, Yuhua and Pont-Tuset, Jordi and Van Gool, Luc},
  title   = {Semantically-Guided Video Object Segmentation},
  journal = {arXiv preprint arXiv:1704.01926},
  year    = {2017},
  groups  = {Semi-supervised VOS, Video Object Segmentation},
}

@Article{LucidTracker,
  author  = {Khoreva, Anna and Benenson, Rodrigo and Ilg, Eddy and Brox, Thomas and Schiele, Bernt},
  title   = {Lucid Data Dreaming for Multiple Object Tracking},
  journal = {arXiv preprint arXiv:1703.09554},
  year    = {2017},
  groups  = {Semi-supervised VOS, Video Object Segmentation},
}

@InProceedings{Cheng2017SegFlow:,
  author    = {J. Cheng and Y.-H. Tsai and S. Wang and M.-H. Yang},
  title     = {SegFlow: Joint Learning for Video Object Segmentation and Optical Flow},
  booktitle = {ICCV},
  year      = {2017},
  groups    = {Semi-supervised VOS, Video Object Segmentation},
}

@InProceedings{Jang2017Online,
  author    = {Jang, Won-Dong and Kim, Chang-Su},
  title     = {Online Video Object Segmentation via Convolutional Trident Network},
  booktitle = {CVPR},
  year      = {2017},
  groups    = {Semi-supervised VOS, Video Object Segmentation},
}

@InProceedings{VPN,
  author    = {Jampani, Varun and Gadde, Raghudeep and Gehler, Peter V.},
  title     = {Video Propagation Networks},
  booktitle = {CVPR},
  year      = {2017},
  groups    = {Semi-supervised VOS, Video Object Segmentation},
}

@InProceedings{OFL,
  author    = {Y.-H. Tsai and M.-H. Yang and M. J. Black},
  title     = {Video Segmentation via Object Flow},
  booktitle = {CVPR},
  year      = {2016},
  groups    = {Semi-supervised VOS, Video Object Segmentation},
}

@InProceedings{BVS,
  author    = {Nicolas Maerki and Federico Perazzi and Oliver Wang and Alexander Sorkine-Hornung},
  title     = {Bilateral Space Video Segmentation},
  booktitle = {CVPR},
  year      = {2016},
  groups    = {Semi-supervised VOS, Video Object Segmentation},
}

@InProceedings{FCP,
  author    = {Perazzi, Federico and Wang, Oliver and Gross, Markus and Sorkine-Hornung, Alexander},
  title     = {Fully Connected Object Proposals for Video Segmentation},
  booktitle = {ICCV},
  year      = {2015},
  groups    = {Semi-supervised VOS, Video Object Segmentation},
}

@InProceedings{JMP:,
  author    = {Qingnan Fan and Fan Zhong and Dani Lischinski and Daniel Cohen-Or and Baoquan Chen},
  title     = {JumpCut: Non-Successive Mask Transfer and Interpolation for Video Cutout},
  booktitle = {SIGGRAPH ASIA},
  year      = {2015},
  groups    = {Semi-supervised VOS, Video Object Segmentation},
}

@InProceedings{HVS,
  author    = {Matthias Grundmann and Vivek Kwatra and Mei Han and Irfan Essa},
  title     = {{Efficient Hierarchical Graph Based Video Segmentation}},
  booktitle = {CVPR},
  year      = {2010},
  groups    = {Semi-supervised VOS, Video Object Segmentation},
}

@InProceedings{SEA,
  author    = {Ramakanth, S Avinash and Babu, R Venkatesh},
  title     = {SeamSeg: Video Object Segmentation Using Patch Seams.},
  booktitle = {CVPR},
  year      = {2014},
  groups    = {Semi-supervised VOS, Video Object Segmentation},
}

% Unsupervised VOS

@InProceedings{li2018instance,
  author    = {Li, Siyang and Seybold, Bryan and Vorobyov, Alexey and Fathi, Alireza and Huang, Qin and Kuo, C-C Jay},
  title     = {Instance Embedding Transfer to Unsupervised Video Object Segmentation},
  booktitle = {CVPR},
  year      = {2018},
  groups    = {Unsupervised VOS, Video Object Segmentation},
}

@InProceedings{Koh2017Primary,
  author    = {Koh, Yeong Jun and Kim, Chang-Su},
  title     = {Primary object segmentation in videos based on region augmentation and reduction},
  booktitle = {CVPR},
  year      = {2017},
  groups    = {Unsupervised VOS, Video Object Segmentation},
}

@InProceedings{Tokmakov2017Learning,
  author    = {Tokmakov, P. and Alahari, K. and Schmid, C.},
  title     = {Learning Video Object Segmentation with Visual Memory},
  booktitle = {ICCV},
  year      = {2017},
  groups    = {Unsupervised VOS, Video Object Segmentation},
}

@InProceedings{Jain2017FusionSeg,
  author    = {Jain, Suyog and Xiong, Bo and Grauman, Kristen},
  title     = {FusionSeg: Learning to combine motion and appearance for fully automatic segmention of generic objects in videos},
  booktitle = {CVPR},
  year      = {2017},
  groups    = {Unsupervised VOS, Video Object Segmentation},
}

@InProceedings{Papazoglou2013Fast,
  author    = {Papazoglou, Anestis and Ferrari, Vittorio},
  title     = {Fast object segmentation in unconstrained video},
  booktitle = {ICCV},
  year      = {2013},
  groups    = {Unsupervised VOS, Video Object Segmentation},
}

@InProceedings{Keuper2015Motion,
  author    = {Keuper, Margret and Andres, Bjoern and Brox, Thomas},
  title     = {Motion trajectory segmentation via minimum cost multicuts},
  booktitle = {ICCV},
  year      = {2015},
  groups    = {Unsupervised VOS, Video Object Segmentation},
}

@InProceedings{Faktor2014Video,
  author    = {Faktor, Alon and Irani, Michal},
  title     = {Video Segmentation by Non-Local Consensus voting},
  booktitle = {BMVC},
  year      = {2014},
  groups    = {Unsupervised VOS, Video Object Segmentation},
}

@InProceedings{P.Ochs2011Object,
  author    = {P.Ochs and T.Brox},
  title     = {Object Segmentation in Video: A Hierarchical Variational Approach for Turning Point Trajectories into Dense Regions},
  booktitle = {ICCV},
  year      = {2011},
  groups    = {Unsupervised VOS, Video Object Segmentation},
}

@InProceedings{Lee2011Key,
  author    = {Lee, Yong Jae and Kim, Jaechul and Grauman, Kristen},
  title     = {Key-segments for video object segmentation},
  booktitle = {ICCV},
  year      = {2011},
  groups    = {Unsupervised VOS, Video Object Segmentation},
}

@InProceedings{Taylor2015Causal,
  author    = {Taylor, Brian and Karasev, Vasiliy and Soatto, Stefano},
  title     = {Causal video object segmentation from persistence of occlusions},
  booktitle = {CVPR},
  year      = {2015},
  groups    = {Unsupervised VOS, Video Object Segmentation},
}

@InProceedings{Fragkiadaki2012Video,
  author    = {Fragkiadaki, Katerina and Zhang, Geng and Shi, Jianbo},
  title     = {Video segmentation by tracing discontinuities in a trajectory embedding},
  booktitle = {CVPR},
  year      = {2012},
  groups    = {Unsupervised VOS, Video Object Segmentation},
}

% VOS Benchmark

@InProceedings{DAVIS2016,
  author    = {F. Perazzi and J. Pont-Tuset and B. McWilliams and L. {Van Gool} and M. Gross and A. Sorkine-Hornung},
  title     = {A Benchmark Dataset and Evaluation Methodology for Video Object Segmentation},
  booktitle = {CVPR},
  year      = {2016},
  groups    = {Benchmark, Video Object Segmentation},
}

@Article{DAVIS2017,
  author  = {Jordi Pont-Tuset and Federico Perazzi and Sergi Caelles and Pablo Arbel\'aez and Alexander Sorkine-Hornung and Luc {Van Gool}},
  title   = {The 2017 DAVIS Challenge on Video Object Segmentation},
  journal = {arXiv preprint arXiv:1704.00675},
  year    = {2017},
  groups  = {Benchmark, Video Object Segmentation},
}

@Article{DAVIS2018,
  author  = {Jordi Pont-Tuset and Sergi Caelles and Federico Perazzi and Alberto Montes and Kevis-Kokitsi Maninis and Yuhua Chen and Luc {Van Gool}},
  title   = {The 2018 DAVIS Challenge on Video Object Segmentation},
  journal = {arXiv preprint arXiv:1803.00557},
  year    = {2018},
  groups  = {Benchmark, Video Object Segmentation},
}

@Article{DyeNet,
  author  = {Li, Xiaoxiao and Loy, Chen Change},
  title   = {Video Object Segmentation with Joint Re-identification and Attention-Aware Mask Propagation},
  journal = {arXiv preprint arXiv:1803.04242},
  year    = {2018},
}

@InProceedings{ResNet,
  author    = {He, Kaiming and Zhang, Xiangyu and Ren, Shaoqing and Sun, Jian},
  title     = {Deep residual learning for image recognition},
  booktitle = {CVPR},
  year      = {2016},
  groups    = {Classification},
}

@Article{Ochs2014Segmentation,
  author    = {Ochs, Peter and Malik, Jitendra and Brox, Thomas},
  title     = {Segmentation of moving objects by long term video analysis},
  journal   = {TPAMI},
  year      = {2014},
  volume    = {36},
  number    = {6},
  pages     = {1187--1200},
  groups    = {Benchmark},
  publisher = {IEEE},
}

@InProceedings{SegTrack,
  author    = {Li, Fuxin and Kim, Taeyoung and Humayun, Ahmad and Tsai, David and Rehg, James M},
  title     = {Video segmentation by tracking many figure-ground segments},
  booktitle = {ICCV},
  year      = {2013},
  groups    = {Benchmark},
}

@InProceedings{Deng2009Imagenet:,
  author    = {Deng, Jia and Dong, Wei and Socher, Richard and Li, Li-Jia and Li, Kai and Fei-Fei, Li},
  title     = {Imagenet: A large-scale hierarchical image database},
  booktitle = {CVPR},
  year      = {2009},
  groups    = {Classification, Benchmark},
}

@Article{Kingma2014Adam:,
  author  = {Kingma, Diederik P and Ba, Jimmy},
  title   = {Adam: A method for stochastic optimization},
  journal = {arXiv preprint arXiv:1412.6980},
  year    = {2014},
  groups  = {Misc},
}

@InProceedings{Wang2018Non,
  author    = {Wang, Xiaolong and Girshick, Ross and Gupta, Abhinav and He, Kaiming},
  title     = {Non-local Neural Networks},
  booktitle = {CVPR},
  year      = {2018},
  groups    = {Misc},
}

@InProceedings{Newcombe2011DTAM:,
  author       = {Newcombe, Richard A and Lovegrove, Steven J and Davison, Andrew J},
  title        = {DTAM: Dense tracking and mapping in real-time},
  booktitle    = {ICCV},
  year         = {2011},
  groups       = {RGBD SLAM},
}

@InProceedings{Newcombe2011KinectFusion:,
  author    = {Newcombe, Richard A and Izadi, Shahram and Hilliges, Otmar and Molyneaux, David and Kim, David and Davison, Andrew J and Kohi, Pushmeet and Shotton, Jamie and Hodges, Steve and Fitzgibbon, Andrew},
  title     = {KinectFusion: Real-time dense surface mapping and tracking},
  booktitle = {ISMAR},
  year      = {2011},
  groups    = {RGBD SLAM},
}

@InProceedings{Newcombe2015Dynamicfusion:,
  author    = {Newcombe, Richard A and Fox, Dieter and Seitz, Steven M},
  title     = {Dynamicfusion: Reconstruction and tracking of non-rigid scenes in real-time},
  booktitle = {CVPR},
  year      = {2015},
  groups    = {RGBD SLAM},
}

@InProceedings{McCormac2017SemanticFusion:,
  author       = {McCormac, John and Handa, Ankur and Davison, Andrew and Leutenegger, Stefan},
  title        = {SemanticFusion: Dense 3D semantic mapping with convolutional neural networks},
  booktitle    = {ICRA},
  year         = {2017},
  organization = {IEEE},
  groups       = {RGBD SLAM},
}

@InProceedings{Engel2014LSD,
  author       = {Engel, Jakob and Sch{\"o}ps, Thomas and Cremers, Daniel},
  title        = {LSD-SLAM: Large-scale direct monocular SLAM},
  booktitle    = {ECCV},
  year         = {2014},
  groups       = {RGBD SLAM},
}

@Article{Mur-Artal2017Orb,
  author    = {Mur-Artal, Raul and Tard{\'o}s, Juan D},
  title     = {Orb-slam2: An open-source slam system for monocular, stereo, and rgb-d cameras},
  journal   = {IEEE Transactions on Robotics},
  year      = {2017},
  volume    = {33},
  number    = {5},
  pages     = {1255--1262},
  groups    = {SLAM},
  publisher = {IEEE},
}

@Article{Mur-Artal2015ORB,
  author    = {Mur-Artal, Raul and Montiel, Jose Maria Martinez and Tardos, Juan D},
  title     = {ORB-SLAM: a versatile and accurate monocular SLAM system},
  journal   = {IEEE Transactions on Robotics},
  year      = {2015},
  volume    = {31},
  number    = {5},
  pages     = {1147--1163},
  groups    = {SLAM},
  publisher = {IEEE},
}

@Article{Grisetti2010tutorial,
  author    = {Grisetti, Giorgio and Kummerle, Rainer and Stachniss, Cyrill and Burgard, Wolfram},
  title     = {A tutorial on graph-based SLAM},
  journal   = {IEEE Intelligent Transportation Systems Magazine},
  year      = {2010},
  volume    = {2},
  number    = {4},
  pages     = {31--43},
  groups    = {SLAM},
  publisher = {IEEE},
}

@Article{Davison2007MonoSLAM:,
  author    = {Davison, Andrew J and Reid, Ian D and Molton, Nicholas D and Stasse, Olivier},
  title     = {MonoSLAM: Real-time single camera SLAM},
  journal   = {TPAMI},
  year      = {2007},
  volume    = {29},
  number    = {6},
  pages     = {1052--1067},
  groups    = {SLAM},
  publisher = {IEEE},
}

@InProceedings{Forster2014SVO:,
  author       = {Forster, Christian and Pizzoli, Matia and Scaramuzza, Davide},
  title        = {SVO: Fast semi-direct monocular visual odometry},
  booktitle    = {ICRA},
  year         = {2014},
  pages        = {15--22},
  organization = {IEEE},
  groups       = {SLAM},
}

@Article{Strasdat2012Visual,
  author    = {Strasdat, Hauke and Montiel, Jos{\'e} MM and Davison, Andrew J},
  title     = {Visual SLAM: why filter?},
  journal   = {Image and Vision Computing},
  year      = {2012},
  volume    = {30},
  number    = {2},
  pages     = {65--77},
  groups    = {SLAM},
  publisher = {Elsevier},
}

@Article{Forster2017Svo:,
  author    = {Forster, Christian and Zhang, Zichao and Gassner, Michael and Werlberger, Manuel and Scaramuzza, Davide},
  title     = {Svo: Semidirect visual odometry for monocular and multicamera systems},
  journal   = {IEEE Transactions on Robotics},
  year      = {2017},
  volume    = {33},
  number    = {2},
  pages     = {249--265},
  groups    = {SLAM},
  publisher = {IEEE},
}

@Article{Zhu2015Semantic,
  author    = {Zhu, Yan and Tian, Yuandong and Mexatas, Dimitris and Doll{\'a}r, Piotr},
  title     = {Semantic amodal segmentation},
  journal   = {arXiv preprint arXiv:1509.01329},
  year      = {2015},
  groups    = {Amodal Segmentation},
  publisher = {Technical report, Facebook AI Research (FAIR) and Department of Computer Science, Rutgers University},
}

@InProceedings{Li2016Amodal,
  author       = {Li, Ke and Malik, Jitendra},
  title        = {Amodal instance segmentation},
  booktitle    = {ECCV},
  year         = {2016},
  groups       = {Amodal Segmentation},
}

@InProceedings{Li2016Iterative,
  author    = {Li, Ke and Hariharan, Bharath and Malik, Jitendra},
  title     = {Iterative instance segmentation},
  booktitle = {CVPR},
  year      = {2016},
  groups    = {Instance Segmentation},
}

@InProceedings{Dai2016R,
  author    = {Dai, Jifeng and Li, Yi and He, Kaiming and Sun, Jian},
  title     = {R-fcn: Object detection via region-based fully convolutional networks},
  booktitle = {NIPS},
  year      = {2016},
  groups    = {Detection},
}

@InProceedings{Girshick2014Rich,
  author    = {Girshick, Ross and Donahue, Jeff and Darrell, Trevor and Malik, Jitendra},
  title     = {Rich feature hierarchies for accurate object detection and semantic segmentation},
  booktitle = {CVPR},
  year      = {2014},
  groups    = {Detection},
}

@Article{Girshick2015Fast,
  author  = {Girshick, Ross},
  title   = {Fast r-cnn},
  journal = {arXiv preprint arXiv:1504.08083},
  year    = {2015},
  groups  = {Detection},
}

@InProceedings{Lin2017Feature,
  author    = {Lin, Tsung-Yi and Doll{\'a}r, Piotr and Girshick, Ross and He, Kaiming and Hariharan, Bharath and Belongie, Serge},
  title     = {Feature pyramid networks for object detection},
  booktitle = {CVPR},
  year      = {2017},
  groups    = {Detection},
}

@Article{Lin2017Focal,
  author  = {Lin, Tsung-Yi and Goyal, Priya and Girshick, Ross and He, Kaiming and Doll{\'a}r, Piotr},
  title   = {Focal loss for dense object detection},
  journal = {arXiv preprint arXiv:1708.02002},
  year    = {2017},
  groups  = {Detection},
}

@Article{Li2017Light,
  author  = {Li, Zeming and Peng, Chao and Yu, Gang and Zhang, Xiangyu and Deng, Yangdong and Sun, Jian},
  title   = {Light-Head R-CNN: In Defense of Two-Stage Object Detector},
  journal = {arXiv preprint arXiv:1711.07264},
  year    = {2017},
  groups  = {Detection},
}

@Article{Peng2017MegDet:,
  author  = {Peng, Chao and Xiao, Tete and Li, Zeming and Jiang, Yuning and Zhang, Xiangyu and Jia, Kai and Yu, Gang and Sun, Jian},
  title   = {MegDet: A Large Mini-Batch Object Detector},
  journal = {arXiv preprint arXiv:1711.07240},
  year    = {2017},
  groups  = {Detection},
}

@Article{Uijlings2013Selective,
  author    = {Uijlings, Jasper RR and Van De Sande, Koen EA and Gevers, Theo and Smeulders, Arnold WM},
  title     = {Selective search for object recognition},
  journal   = {IJCV},
  year      = {2013},
  volume    = {104},
  number    = {2},
  pages     = {154--171},
  groups    = {Detection},
  publisher = {Springer},
}

@InProceedings{Redmon2016You,
  author    = {Redmon, Joseph and Divvala, Santosh and Girshick, Ross and Farhadi, Ali},
  title     = {You only look once: Unified, real-time object detection},
  booktitle = {CVPR},
  year      = {2016},
  groups    = {Detection},
}

@InProceedings{Redmon2017YOLO9000:,
  author    = {Redmon, Joseph and Farhadi, Ali},
  title     = {YOLO9000: Better, Faster, Stronger},
  booktitle = {CVPR},
  year      = {2017},
  groups    = {Detection},
}

@InProceedings{Huang2017Speed/accuracy,
  author    = {Huang, Jonathan and Rathod, Vivek and Sun, Chen and Zhu, Menglong and Korattikara, Anoop and Fathi, Alireza and Fischer, Ian and Wojna, Zbigniew and Song, Yang and Guadarrama, Sergio and others},
  title     = {Speed/accuracy trade-offs for modern convolutional object detectors},
  booktitle = {CVPR},
  year      = {2017},
  groups    = {Detection},
}

@InProceedings{Szegedy2017Inception,
  author    = {Szegedy, Christian and Ioffe, Sergey and Vanhoucke, Vincent and Alemi, Alexander A},
  title     = {Inception-v4, inception-resnet and the impact of residual connections on learning.},
  booktitle = {AAAI},
  year      = {2017},
  groups    = {Classification},
}

@InProceedings{Szegedy2015Going,
  author    = {Szegedy, Christian and Liu, Wei and Jia, Yangqing and Sermanet, Pierre and Reed, Scott and Anguelov, Dragomir and Erhan, Dumitru and Vanhoucke, Vincent and Rabinovich, Andrew and others},
  title     = {Going deeper with convolutions},
  booktitle = {CVPR},
  year      = {2015},
  groups    = {Classification},
}

@Article{Ioffe2015Batch,
  author  = {Ioffe, Sergey and Szegedy, Christian},
  title   = {Batch normalization: Accelerating deep network training by reducing internal covariate shift},
  journal = {arXiv preprint arXiv:1502.03167},
  year    = {2015},
  groups  = {Classification},
}

@InProceedings{Szegedy2016Rethinking,
  author    = {Szegedy, Christian and Vanhoucke, Vincent and Ioffe, Sergey and Shlens, Jon and Wojna, Zbigniew},
  title     = {Rethinking the inception architecture for computer vision},
  booktitle = {CVPR},
  year      = {2016},
  groups    = {Classification},
}

@Article{Simonyan2014Very,
  author  = {Simonyan, Karen and Zisserman, Andrew},
  title   = {Very deep convolutional networks for large-scale image recognition},
  journal = {arXiv preprint arXiv:1409.1556},
  year    = {2014},
  groups  = {Classification},
}

@Article{Zagoruyko2016Wide,
  author  = {Zagoruyko, Sergey and Komodakis, Nikos},
  title   = {Wide residual networks},
  journal = {arXiv preprint arXiv:1605.07146},
  year    = {2016},
  groups  = {Classification},
}

@InProceedings{Huang2017Densely,
  author    = {Huang, Gao and Liu, Zhuang and Weinberger, Kilian Q and van der Maaten, Laurens},
  title     = {Densely connected convolutional networks},
  booktitle = {CVPR},
  year      = {2017},
  groups    = {Classification},
}

@InProceedings{Chen2017Dual,
  author    = {Chen, Yunpeng and Li, Jianan and Xiao, Huaxin and Jin, Xiaojie and Yan, Shuicheng and Feng, Jiashi},
  title     = {Dual path networks},
  booktitle = {NIPS},
  year      = {2017},
  groups    = {Classification},
}

@Article{Lin2013Network,
  author  = {Lin, Min and Chen, Qiang and Yan, Shuicheng},
  title   = {Network in network},
  journal = {arXiv preprint arXiv:1312.4400},
  year    = {2013},
  groups  = {Classification},
}

@InProceedings{Wei2016Convolutional,
  author    = {Wei, Shih-En and Ramakrishna, Varun and Kanade, Takeo and Sheikh, Yaser},
  title     = {Convolutional pose machines},
  booktitle = {CVPR},
  year      = {2016},
  groups    = {Pose Estimation},
}

@InProceedings{Cao2017Realtime,
  author    = {Cao, Zhe and Simon, Tomas and Wei, Shih-En and Sheikh, Yaser},
  title     = {Realtime multi-person 2d pose estimation using part affinity fields},
  booktitle = {CVPR},
  year      = {2017},
  groups    = {Pose Estimation},
}

@InProceedings{Fang2017RMPE:,
  author    = {Fang, Hao-Shu and Xie, Shuqin and Tai, Yu-Wing and Lu, Cewu},
  title     = {RMPE: Regional Multi-Person Pose Estimation},
  booktitle = {ICCV},
  year      = {2017},
  groups    = {Pose Estimation},
}

@InProceedings{Newell2016Stacked,
  author    = {Newell, Alejandro and Yang, Kaiyu and Deng, Jia},
  title     = {Stacked hourglass networks for human pose estimation},
  booktitle = {ECCV},
  year      = {2016},
  groups    = {Pose Estimation},
}

@Article{Gueler2018DensePose:,
  author  = {G{\"u}ler, R{\i}za Alp and Neverova, Natalia and Kokkinos, Iasonas},
  title   = {DensePose: Dense Human Pose Estimation In The Wild},
  journal = {arXiv preprint arXiv:1802.00434},
  year    = {2018},
  groups  = {Pose Estimation},
}

@InProceedings{Yang2017Learning,
  author    = {Yang, Wei and Li, Shuang and Ouyang, Wanli and Li, Hongsheng and Wang, Xiaogang},
  title     = {Learning feature pyramids for human pose estimation},
  booktitle = {ICCV},
  year      = {2017},
  groups    = {Pose Estimation},
}

@Article{Chu2017Multi,
  author    = {Chu, Xiao and Yang, Wei and Ouyang, Wanli and Ma, Cheng and Yuille, Alan L and Wang, Xiaogang},
  title     = {Multi-context attention for human pose estimation},
  journal   = {arXiv preprint arXiv:1702.07432},
  year      = {2017},
  groups    = {Pose Estimation},
  publisher = {Pre-print},
}

@InProceedings{Dai2017Deformable,
  author    = {Dai, Jifeng and Qi, Haozhi and Xiong, Yuwen and Li, Yi and Zhang, Guodong and Hu, Han and Wei, Yichen},
  title     = {Deformable convolutional networks},
  year      = {2017},
  booktitle = {ICCV},
  groups    = {Semantic Segmentation},
}

@Article{Peng2017Large,
  author  = {Peng, Chao and Zhang, Xiangyu and Yu, Gang and Luo, Guiming and Sun, Jian},
  title   = {Large Kernel Matters--Improve Semantic Segmentation by Global Convolutional Network},
  journal = {arXiv preprint arXiv:1703.02719},
  year    = {2017},
  comment = {DeepLabv2},
  groups  = {Semantic Segmentation},
}

@InProceedings{He2017Mask,
  author       = {He, Kaiming and Gkioxari, Georgia and Doll{\'a}r, Piotr and Girshick, Ross},
  title        = {Mask r-cnn},
  booktitle    = {ICCV},
  year         = {2017},
}

@Article{Yu2015Multi,
  author  = {Yu, Fisher and Koltun, Vladlen},
  title   = {Multi-scale context aggregation by dilated convolutions},
  journal = {arXiv preprint arXiv:1511.07122},
  year    = {2015},
  groups  = {Semantic Segmentation},
}

@Article{Chen2017Rethinking,
  author  = {Chen, Liang-Chieh and Papandreou, George and Schroff, Florian and Adam, Hartwig},
  title   = {Rethinking atrous convolution for semantic image segmentation},
  journal = {arXiv preprint arXiv:1706.05587},
  year    = {2017},
  groups  = {Semantic Segmentation},
}

@InProceedings{Pinheiro2016Learning,
  author       = {Pinheiro, Pedro O and Lin, Tsung-Yi and Collobert, Ronan and Doll{\'a}r, Piotr},
  title        = {Learning to refine object segments},
  booktitle    = {ECCV},
  year         = {2016},
  groups       = {Instance Segmentation},
}

@InProceedings{Pinheiro2015Learning,
  author    = {Pinheiro, Pedro O and Collobert, Ronan and Doll{\'a}r, Piotr},
  title     = {Learning to segment object candidates},
  booktitle = {NIPS},
  year      = {2015},
  groups    = {Instance Segmentation},
}

@Article{Sermanet2013Overfeat:,
  author  = {Sermanet, Pierre and Eigen, David and Zhang, Xiang and Mathieu, Micha{\"e}l and Fergus, Rob and LeCun, Yann},
  title   = {Overfeat: Integrated recognition, localization and detection using convolutional networks},
  journal = {arXiv preprint arXiv:1312.6229},
  year    = {2013},
  groups  = {Detection},
}

@InProceedings{Liu2016Ssd:,
  author       = {Liu, Wei and Anguelov, Dragomir and Erhan, Dumitru and Szegedy, Christian and Reed, Scott and Fu, Cheng-Yang and Berg, Alexander C},
  title        = {Ssd: Single shot multibox detector},
  booktitle    = {ECCV},
  year         = {2016},
  groups       = {Detection},
}

@InProceedings{Xingjian2015Convolutional,
  author    = {Xingjian, SHI and Chen, Zhourong and Wang, Hao and Yeung, Dit-Yan and Wong, Wai-Kin and Woo, Wang-chun},
  title     = {Convolutional LSTM network: A machine learning approach for precipitation nowcasting},
  booktitle = {NIPS},
  year      = {2015},
  groups    = {Misc},
}

@InProceedings{Xie2015Holistically,
  author    = {Xie, Saining and Tu, Zhuowen},
  title     = {Holistically-nested edge detection},
  booktitle = {ICCV},
  year      = {2015},
  groups    = {Misc},
}

@InProceedings{Ronneberger2015U,
  author       = {Ronneberger, Olaf and Fischer, Philipp and Brox, Thomas},
  title        = {U-net: Convolutional networks for biomedical image segmentation},
  booktitle    = {MICCAI},
  year         = {2015},
  organization = {Springer},
  groups       = {Semantic Segmentation},
}

@Article{Chen2018Deeplab:,
  author    = {Chen, Liang-Chieh and Papandreou, George and Kokkinos, Iasonas and Murphy, Kevin and Yuille, Alan L},
  title     = {Deeplab: Semantic image segmentation with deep convolutional nets, atrous convolution, and fully connected crfs},
  journal   = {TPAMI},
  year      = {2018},
  volume    = {40},
  number    = {4},
  pages     = {834--848},
  groups    = {Semantic Segmentation},
  publisher = {IEEE},
}

@InProceedings{Revaud2015EpicFlow:,
  author    = {Revaud, Jerome and Weinzaepfel, Philippe and Harchaoui, Zaid and Schmid, Cordelia},
  title     = {{EpicFlow: Edge-Preserving Interpolation of Correspondences for Optical Flow}},
  booktitle = {CVPR},
  year      = {2015},
  groups    = {Misc},
}

@InProceedings{Jain2014Supervoxel,
  author    = {Jain, Suyog Dutt and Grauman, Kristen},
  title     = {Supervoxel-consistent foreground propagation in video},
  booktitle = {ECCV},
  year      = {2014},
  groups    = {Semi-supervised VOS},
}

@InProceedings{Chang2013video,
  author    = {Chang, Jason and Wei, Donglai and Fisher III, John W},
  title     = {A video representation using temporal superpixels},
  booktitle = {CVPR},
  year      = {2013},
  groups    = {Semi-supervised VOS},
}

@InProceedings{PLM,
  author    = {Yoon, Jae Shin and Rameau, Francois and Kim, Junsik and Lee, Seokju and Shin, Seunghak and Kweon, In So},
  title     = {Pixel-Level Matching for Video Object Segmentation using Convolutional Neural Networks},
  booktitle = {ICCV},
  year      = {2017},
  groups    = {Semi-supervised VOS},
}

@InProceedings{Ballas2016Delving,
  author    = {Ballas, Nicolas and Yao, Li and Pal, Chris and Courville, Aaron},
  title     = {Delving deeper into convolutional networks for learning video representations},
  booktitle = {ICLR},
  year      = {2016},
  groups    = {Misc},
}

@InProceedings{Kraehenbuehl2011Efficient,
  author    = {Kr{\"a}henb{\"u}hl, Philipp and Koltun, Vladlen},
  title     = {Efficient inference in fully connected crfs with gaussian edge potentials},
  booktitle = {NIPS},
  year      = {2011},
  groups    = {Misc},
}

@Article{DeBrabandere2017Semantic,
  author  = {De Brabandere, Bert and Neven, Davy and Van Gool, Luc},
  title   = {Semantic instance segmentation with a discriminative loss function},
  journal = {arXiv preprint arXiv:1708.02551},
  year    = {2017},
  groups  = {Instance Segmentation},
}

@Article{Fathi2017Semantic,
  author  = {Fathi, Alireza and Wojna, Zbigniew and Rathod, Vivek and Wang, Peng and Song, Hyun Oh and Guadarrama, Sergio and Murphy, Kevin P},
  title   = {Semantic instance segmentation via deep metric learning},
  journal = {arXiv preprint arXiv:1703.10277},
  year    = {2017},
  groups  = {Instance Segmentation},
}

@Article{Kong2017Recurrent,
  author  = {Kong, Shu and Fowlkes, Charless},
  title   = {Recurrent Pixel Embedding for Instance Grouping},
  journal = {arXiv preprint arXiv:1712.08273},
  year    = {2017},
  groups  = {Instance Segmentation},
}

@InProceedings{Luc2017Predicting,
  author    = {Luc, Pauline and Neverova, Natalia and Couprie, Camille and Verbeek, Jakob and LeCun, Yann},
  title     = {Predicting Deeper Into the Future of Semantic Segmentation},
  booktitle = {ICCV},
  year      = {2017},
  month     = {Oct},
  groups    = {Semantic Segmentation},
}

@Article{Canziani2016analysis,
  author  = {Canziani, Alfredo and Paszke, Adam and Culurciello, Eugenio},
  title   = {An analysis of deep neural network models for practical applications},
  journal = {arXiv preprint arXiv:1605.07678},
  year    = {2016},
  groups  = {Classification},
}

@InProceedings{Klein2007Parallel,
  author       = {Klein, Georg and Murray, David},
  title        = {Parallel tracking and mapping for small AR workspaces},
  booktitle    = {ISMAR},
  year         = {2007},
  pages        = {225--234},
  organization = {IEEE},
  groups       = {SLAM},
}

@InProceedings{Engel2014LSDa,
  author       = {Engel, Jakob and Sch{\"o}ps, Thomas and Cremers, Daniel},
  title        = {LSD-SLAM: Large-scale direct monocular SLAM},
  booktitle    = {ECCV},
  year         = {2014},
  pages        = {834--849},
  organization = {Springer},
  groups       = {SLAM},
}

@InProceedings{Steinbruecker2011Real,
  author       = {Steinbr{\"u}cker, Frank and Sturm, J{\"u}rgen and Cremers, Daniel},
  title        = {Real-time visual odometry from dense RGB-D images},
  booktitle    = {ICCV Workshops},
  year         = {2011},
  pages        = {719--722},
  organization = {IEEE},
  groups       = {SLAM},
}

@InProceedings{Liu2015ParseNet:,
  author    = {Liu, Wei and Rabinovich, Andrew and Berg, Alexander},
  title     = {ParseNet: Looking Wider to See Better},
  booktitle = {ICLR Workshops},
  year      = {2015},
  groups    = {Semantic Segmentation},
}

@Article{Papandreou2015Weakly,
  author  = {George Papandreou and Liang-Chieh Chen and Kevin Murphy and Alan L Yuille},
  title   = {Weakly- and Semi-Supervised Learning of a DCNN for Semantic Image Segmentation},
  journal = {arXiv preprint arxiv:1502.02734},
  year    = {2015},
  groups  = {Semantic Segmentation},
}

@InProceedings{Chen2015Semantic,
  author    = {Liang-Chieh Chen and George Papandreou and Iasonas Kokkinos and Kevin Murphy and Alan L Yuille},
  title     = {Semantic Image Segmentation with Deep Convolutional Nets and Fully Connected CRFs},
  booktitle = {ICLR},
  year      = {2015},
  groups    = {Semantic Segmentation},
}

@InProceedings{Bloesch2018CodeSLAM,
  author    = {Bloesch, Michael and Czarnowski, Jan and Clark, Ronald and Leutenegger, Stefan and Davison, Andrew J},
  title     = {CodeSLAM-Learning a Compact, Optimisable Representation for Dense Visual SLAM},
  booktitle = {CVPR},
  year      = {2018},
  groups    = {SLAM},
}

@InProceedings{Jaderberg2015Spatial,
  author    = {Jaderberg, Max and Simonyan, Karen and Zisserman, Andrew and others},
  title     = {Spatial transformer networks},
  booktitle = {NIPS},
  year      = {2015},
  pages     = {2017--2025},
  groups    = {Misc},
}

@Comment{jabref-meta: databaseType:bibtex;}

@Comment{jabref-meta: grouping:
0 AllEntriesGroup:;
1 StaticGroup:Benchmark\;0\;0\;\;\;\;;
1 StaticGroup:Classification\;0\;1\;\;\;\;;
1 StaticGroup:Detection\;0\;1\;\;\;Object Detection\;;
1 StaticGroup:Segmentation\;0\;1\;\;\;Image Segmentation\;;
2 StaticGroup:Instance Segmentation\;0\;1\;\;\;\;;
2 StaticGroup:Semantic Segmentation\;0\;1\;\;\;\;;
2 StaticGroup:Amodal Segmentation\;0\;1\;\;\;\;;
2 StaticGroup:Video Object Segmentation\;0\;1\;\;\;\;;
3 StaticGroup:Unsupervised VOS\;0\;1\;\;\;\;;
3 StaticGroup:Semi-supervised VOS\;0\;1\;\;\;Semi-supervised Video Object Segmentation\;;
1 StaticGroup:Pose Estimation\;0\;1\;\;\;\;;
1 StaticGroup:SLAM\;0\;1\;\;\;\;;
1 StaticGroup:Misc\;0\;1\;\;\;\;;
}
